<?xml version="1.0" encoding="UTF-8"?><collection xmlns="http://www.loc.gov/MARC21/slim"><record><leader>00520nam--2200181-i-4500</leader><controlfield tag="001">000043698</controlfield><controlfield tag="002">20161230</controlfield><controlfield tag="005">20161230201044</controlfield><controlfield tag="008">060222s1000------------r-----000-0-fre-d</controlfield><datafield ind1=" " ind2=" " tag="040"><subfield code="a">IFIN-HH</subfield></datafield><datafield ind1=" " ind2=" " tag="041"><subfield code="a">fre</subfield></datafield><datafield ind1=" " ind2=" " tag="080"><subfield code="a">535.39(043)</subfield></datafield><datafield ind1="1" ind2=" " tag="100"><subfield code="a">Tardella,Armand</subfield></datafield><datafield ind1="1" ind2="0" tag="245"><subfield code="a">Absorption infra-rouge et accumulation electronique geante a l`interface silicium electrolyte</subfield><subfield code="b">These</subfield><subfield code="c">Armand tardella</subfield></datafield><datafield ind1=" " ind2=" " tag="260"><subfield code="a">Paris Vi</subfield><subfield code="b">Universite</subfield><subfield code="c">1985</subfield></datafield><datafield ind1=" " ind2=" " tag="300"><subfield code="a">115 P</subfield></datafield><datafield ind1=" " ind2=" " tag="852"><subfield code="a">74036</subfield><subfield code="c">535.37</subfield></datafield><datafield ind1=" " ind2=" " tag="CAT"><subfield code="a">Sys</subfield><subfield code="c">20110428</subfield><subfield code="h">130159</subfield></datafield></record></collection>